@misc{servalwebsite,
    author    = "Paul Garner-Stephen",
    title     = "Serval Project Website",
    url       = "http://www.servalproject.org/"
}